<record><leader>00000cas a2200000 a 4500</leader><controlfield tag="001">10498378</controlfield><controlfield tag="008">840308d18741885nbuwr ne      0    0eng  </controlfield><controlfield tag="009">466</controlfield><datafield ind1=" " ind2=" " tag="010"><subfield code="a">sn 84020243 </subfield></datafield><datafield ind1=" " ind2=" " tag="040"><subfield code="a">DLC</subfield><subfield code="b">eng</subfield><subfield code="c">DLC</subfield><subfield code="d">NPX</subfield><subfield code="d">UNP</subfield><subfield code="d">PPM</subfield><subfield code="d">ANU</subfield><subfield code="d">NVG</subfield><subfield code="d">OCL</subfield><subfield code="d">OCLCQ</subfield><subfield code="d">CRL</subfield><subfield code="d">OCLCO</subfield><subfield code="d">OCLCF</subfield></datafield><datafield ind1=" " ind2=" " tag="042"><subfield code="a">msc</subfield></datafield><datafield ind1=" " ind2=" " tag="043"><subfield code="a">n-us-nb</subfield></datafield><datafield ind1="0" ind2="0" tag="050"><subfield code="a">Newspaper 8663-X</subfield></datafield><datafield ind1="0" ind2=" " tag="130"><subfield code="a">Omaha herald (Omaha, Neb. : Weekly)</subfield></datafield><datafield ind1="0" ind2="4" tag="245"><subfield code="a">The Omaha herald.</subfield></datafield><datafield ind1=" " ind2=" " tag="260"><subfield code="a">Omaha, Neb. :</subfield><subfield code="b">Geo. L. Miller, Lyman Richardson,</subfield><subfield code="c">1874-1885.</subfield></datafield><datafield ind1=" " ind2=" " tag="300"><subfield code="a">12 v. ;</subfield><subfield code="c">69 cm.</subfield></datafield><datafield ind1=" " ind2=" " tag="310"><subfield code="a">Weekly</subfield></datafield><datafield ind1="0" ind2=" " tag="362"><subfield code="a">Vol. 9, no. 32 (May 8, 1874)-v. 20, no. 29 (Apr. 17, 1885).</subfield></datafield><datafield ind1=" " ind2=" " tag="580"><subfield code="a">Daily eds.: Omaha herald (Omaha, Neb. : Daily), 1874-1879; Omaha daily herald (Omaha, Neb. : 1879), 1879-1885.</subfield></datafield><datafield ind1=" " ind2="0" tag="651"><subfield code="a">Omaha (Neb.)</subfield><subfield code="v">Newspapers.</subfield></datafield><datafield ind1=" " ind2="7" tag="655"><subfield code="a">Newspapers.</subfield><subfield code="2">fast</subfield><subfield code="0">(OCoLC)fst01423814</subfield></datafield><datafield ind1=" " ind2="7" tag="651"><subfield code="a">Nebraska</subfield><subfield code="z">Omaha.</subfield><subfield code="2">fast</subfield><subfield code="0">(OCoLC)fst01204995</subfield></datafield><datafield ind1=" " ind2=" " tag="752"><subfield code="a">United States</subfield><subfield code="b">Nebraska</subfield><subfield code="c">Douglas</subfield><subfield code="d">Omaha.</subfield></datafield><datafield ind1="1" ind2=" " tag="775"><subfield code="t">Omaha herald (Omaha, Neb. : Daily)</subfield><subfield code="w">(DLC)sn 84022828</subfield></datafield><datafield ind1="1" ind2=" " tag="775"><subfield code="t">Omaha daily herald (Omaha, Neb. : 1879)</subfield></datafield><datafield ind1="0" ind2="0" tag="780"><subfield code="t">Herald (Omaha, Neb. : Weekly)</subfield><subfield code="w">(DLC)sn 91050134</subfield><subfield code="w">(OCoLC)24223272</subfield></datafield><datafield ind1="0" ind2="0" tag="785"><subfield code="t">Omaha weekly herald (Omaha, Neb. : 1885)</subfield><subfield code="w">(DLC)sn 86091285</subfield><subfield code="w">(OCoLC)13586685</subfield></datafield></record>